
@Manual{R,
  Title                    = {{R}: {A} {L}anguage {A}nd {E}nvironment {F}or {S}tatistical {C}omputing},

  Address                  = {Vienna, Austria},
  Author                   = {{R Development Core Team}},
  Note                     = {ISBN 3-900051-07-0},
  Organization             = {R Foundation For Statistical Computing},
  Year                     = {2010},

  File                     = {ResultStandardDeviation.pdf:imgs/ResultStandardDeviation.pdf:PDF;REM-methods.tex:REM-methods.tex:LaTeX;ResultStandardDeviation.pdf:PrettyThesis/.imgsArch/ResultStandardDeviation.pdf:PDF;REM-methods.tex:PrettyThesis/REM-methods.tex:LaTeX;Red List Terms & Conditions of Use.pdf:data/Chapter3/TERRESTRIAL_MAMMALS/Red List Terms & Conditions of Use.pdf:PDF;ResultStandardDeviation.pdf:home/tim/Dropbox/phd/Documents/thesis/PrettyThesis/.imgsArch/ResultStandardDeviation.pdf:PDF;ResultStandardDeviation.pdf:home/tim/Dropbox/phd/Documents/thesis/imgs/ResultStandardDeviation.pdf:PDF;Red List Terms & Conditions of Use.pdf:home/tim/Dropbox/phd/Documents/thesis/data/Chapter3/TERRESTRIAL_MAMMALS/Red List Terms & Conditions of Use.pdf:PDF;REM-methods.tex:home/tim/Dropbox/phd/Documents/thesis/REM-methods.tex:LaTeX;REM-methods.tex:home/tim/Dropbox/phd/Documents/thesis/PrettyThesis/REM-methods.tex:LaTeX},
  Url                      = {Http://Www.R-Project.Org}
}


@book{xie2013dynamic,
  title={Dynamic Documents with R and knitr},
  author={Xie, Yihui},
  volume={29},
  year={2013},
  publisher={CRC Press}
}
